
@misc{pinhole,
    author    = "Wikipedia",
    title     = "Pinhole camera model",
    note      = "\url{https://en.wikipedia.org/wiki/Pinhole\_camera\_model}",
    keywords  = "pinhole, camera"
}

@misc{calib1,
    author    = "OpenCV",
    title     = "Camera Calibration and 3D Reconstruction",
    note      = "\url{http://docs.opencv.org/modules/calib3d/doc/camera\_calibration\_and\_3d\_reconstruction.html}",
    keywords  = "calibration, camera"
 }

 @misc{calib2,
    author    = "OpenCV",
    title     = "{Camera calibration with OpenCV}",
    note      =  "\url{http://docs.opencv.org/doc/tutorials/calib3d/camera\_calibration/camera\_calibration.html}",
    keywords  = "calibration, camera"
 }

 @misc{calib3,
    author    = "OpenCV",
    title     = "Camera calibration with square chessboard",
    howpublished      = "\url{http://docs.opencv.org/doc/tutorials/calib3d/camera\_calibration\_square\_chess/camera\_calibration\_square\_chess.html}",
    keywords  = "calibration, camera"
 }

 @misc{opencvGit,
 	author = "Itseez",
 	title = "{OpenCV Repository}",
	note = "\url{https://github.com/Itseez/opencv}",
 	keywords = "github"
 }

@article{zhang,
    author =       "Zhengyou Zhang",
    title =        "A Flexible New Technique for Camera Calibration",
    journal =      "IEEE Transactions on Pattern Analysis and Machine Intelligence",
    volume =       "22",
    number =       "11",
    pages =        "1330–1334",
    year =         "2000",
    url =          "http://research.microsoft.com/en-us/um/people/zhang/papers/TR98-71.pdf",
    keywords =     "zhang"
}

@misc{wikicalib,
    author    = "Wikipedia",
    title     = "Camera resectioning",
    note      = "\url{https://en.wikipedia.org/wiki/Camera\_resectioning}",
    keywords  = "calibration, camera"
}

@misc{pose,
    author    = "Wikipedia",
    title     = "3D pose estimation",
    note      = "\url{https://en.wikipedia.org/wiki/3D\_pose\_estimation}",
    keywords  = "pose estimation"
}

@misc{iOS,
    author    = "Markus Konrad",
    title     = "{CvVideoCamera vs. native iOS camera APIs}",
    note      = "\url{http://mkonrad.net/2014/06/24/cvvideocamera-vs-native-ios-camera-apis.html}",
    keywords  = "avfoundation, api"
}

@misc{xamarin,
    author    = "Xamarin",
    title     = "Introduction to Manual Camera Controls",
    note      = "\url{http://developer.xamarin.com/guides/ios/platform\_features/intro\_to\_manual\_camera\_controls/}",
    keywords  = "camera controls,"
}

@misc{apple_class,
    author    = "Apple",
    title     = "{AV Foundation Framework Reference}",
    note      = "\url{https://developer.apple.com/library/mac/documentation/AVFoundation/Reference/AVFoundationFramework/index.html\#//apple\_ref/doc/uid/TP40008072}",
    keywords  = "apple api, reference"
}

@misc{stack,
    author    = "{Stack Overflow}",
    title     = "{Converting CVImageBufferRef YUV 420 to cv::Mat RGB and displaying it in a CALayer?}",
    note      = "\url{http://stackoverflow.com/questions/20276837/converting-cvimagebufferref-yuv-420-to-cvmat-rgb-and-displaying-it-in-a-calaye}",
    keywords  = "format conversion"
}

@misc{homography,
    author    = "{Signal Processing Stack Exchange}",
    title     = "Step by Step Camera Pose Estimation for Visual Tracking and Planar Markers",
    note      = "\url{http://dsp.stackexchange.com/questions/2736/step-by-step-camera-pose-estimation-for-visual-tracking-and-planar-markers}",
    keywords  = "homography"
}

@article{occlusion,
    author =       "Hugo Álvarez, Ibai Leizea, Diego Borro",
    title =        "A new marker design for a robust marker tracking system against occlusions",
    journal =      "COMPUTER ANIMATION AND VIRTUAL WORLDS",
    volume =       "23",
    number =       "5",
    pages =        "503-518",
    year =         "2012",
    url =          "http://onlinelibrary.wiley.com.ezproxy.otago.ac.nz/doi/10.1002/cav.1487/abstract",
    keywords =     "occlusion"
}

@article{artoolkit,
	author = "Hirokazu Kato and Mark Billinghurst",
	title = "Marker Tracking and {HMD} Calibration for a Video-based Augmented Reality Conferencing System",
	note = "\url{https://vs.inf.ethz.ch/edu/SS2005/DS/papers/ar/kato-artoolkit.pdf}",
	keywords = "artoolkit"
}

@misc{img:ARDefender,
  author = {France Quiquere},
  title = {{ARDefender: iPhone Augmented Reality game by int13}},
  year = {2010},
  howpublished = "\url{https://www.youtube.com/watch?v=rB5xUStsUs4}",
  keywords =  "ardefender"
}

@misc{ref:JigsawPuzzle,
  author = {{Critical Hit Software, LLC}},
  title = {{Jigsaw Puzzle}},
  year = {2015},
  howpublished = "\url{https://itunes.apple.com/nz/app/jigsaw-puzzle/id495583717?mt=8}",
  keywords = "regular jigsaw"
}

@misc{preview,
    author    = "{jjob}",
    title     = "{iOS Camera Overlay Example Using AVCaptureSession}",
    note      = "\url{http://www.musicalgeometry.com/?p=1273}",
    keywords  = "preview layer"
}

@misc{cv_render,
    author    = "{OpenCV}",
    title     = "Geometric Image Transformations",
    note      = "\url{http://docs.opencv.org/modules/imgproc/doc/geometric\_transformations.html}",
    keywords  = "opencv_render"
}
